.@book{tanenbaum07_2,
	author = {Andrew S. Tanenbaum},
	title = {Modern Operating Systems},
	year = {2007},
	isbn = {9780136006633},
	edition = {3rd},
	publisher = {Prentice Hall Press},
	address = {Upper Saddle River, NJ, USA},
} 

@book{tanenbaum07,
	title={Distributed Systems: Principles and Paradigms},
	author={Andrew S. Tanenbaum and Maarten Van Steen},
	isbn={9780132392273},
	lccn={2006024063},
	year={2007},
	publisher={Pearson Prentice Hall}
}

@article{kon94,
	author = {Fabio Kon},
	title = {Sistemas de Arquivos Distribuído},
	year = {1994},
}

@book{galli00,
	title={Distributed Operating Systems: Concepts and Practice},
	author={Doreen L. Galli},
	isbn={9780130798435},
	lccn={00502158},
	year={2000},
	publisher={Prentice Hall}
}

@article{levy90,
	author = {Eliezer Levy and Abraham Silberschatz},
	title = {Distributed File Systems: Concepts and Examples},
	journal = {ACM Computing Surveys},
	year = {1990},
	volume = {22},
	pages = {321--374}
}

@book{coulouris06,
	title={Distributed Systems Concepts and Design},
	author={George Coulouris and Jean Dollimore and Tim Kindberg},
	isbn={9781428807525},
	series={Cram 101 Textbook Outlines},
	year={2006},
	publisher={Academic Internet Publishers}
}

@article{patterson88,
	title = {A case for redundant arrays of inexpensive disks (RAID)},
	address = {New York, NY, USA},
	author = {David A. Patterson and Garth Gibson and Randy H. Katz},
	issn = {0163-5808},
	journal = {SIGMOD Rec.},
	keywords = {storage},
	number = {3},
	pages = {109--116},
	publisher = {ACM},
	volume = {17},
	year = {1988}
}

@article{alchieri,
	author   = {Alysson Bessani and Eduardo Alchieri},
	title    = {A Guided Tour on the Theory and Practice of State Machine Replication},
	url      = {http://www.di.fc.ul.pt/~bessani/publications/tutorial-smr.pdf},
	year     = {1997}
}

@article{bessani3,
	author    = {Alysson Bessani and João Sousa and Eduardo Alchieri},
	title     = {State Machine Replication for the Masses with BFT-SMaRt}
}

@misc{cern,
	title = {{CERN Data Centre passes 100 petabytes}},
	url = {http://home.web.cern.ch/about/updates/2013/02/cern-data-centre-passes-100-petabytes},
	year = {2013}, 
	note = "[Online; Last updated 12 Mar 2015, 13.40.], acessado em 9/5/2015"
}

@misc{dropbox,
	title = {What is Dropbox?},
	url = {https://www.dropbox.com/news/company-info},
	year = {2014},
	note = "acessado em 30/5/2015"
}

@misc{facebook14,
	title = {Scaling the Facebook data warehouse to 300 PB},
	url = {https://code.facebook.com/posts/229861827208629/scaling-the-facebook-data-warehouse-to-300-pb},
	year = {2014},
	note = "acessado em 9/5/2015"
}


@book{hey2009,
	title={The Fourth Paradigm: Data-intensive Scientific Discovery},
	author={Tony Hey and Stewart Tansley  and Kristin Tolle},
	isbn={9780982544204},
	url={http://books.google.com.br/books?id=oGs\_AQAAIAAJ},
	year={2009},
	publisher={Microsoft Research}
}

@article{johnson97,
	author   = {David Johnson and Shalom Lappin},
	doi      = {10.1023/A:1005328611460},
	journal  = {Linguistics and Philosophy},
	keywords = {linguistics, minimalism},
	month    = {June},
	number   = {3},
	pages    = {273--333},
	priority = {0},
	title    = {A Critique of the Minimalist Program},
	url      = {http://dx.doi.org/10.1023/A:1005328611460},
	volume   = {20},
	year     = {1997}
}


@book{jackendoff97,
	author    = {Ray Jackendoff},
	title     = {The Architecture of the Language Faculty},
	year      = {1997},
	address   = {Cambridge, MA},
	publisher = {MIT Press}
}

@book{borsley96,
	author    = {Robert D. Borsley},
	number    = {11},
	publisher = {Blackwell Publishers},
	series    = {Blackwell Textbooks in Linguistics},
	title     = {Modern Phrase Structure Grammar},
	year      = {1996}
}

@article{carpenter91,
	author    = {Bob Carpenter},
	title     = {The Generative Power of {C}ategorial {G}rammars and {H}ead-{D}riven {P}hrase
	             {S}tructure {G}rammars with Lexical Rules},
	journal   = {Computational Linguistics},
	volume    = {17},
	number    = {3},
	year      = {1991},
	issn      = {0891-2017},
	pages     = {301--313},
	publisher = {MIT Press}
}

@book{lyons81,
	author    = {John Lyons},
	title     = {Lingua(gem) e Ling\"{u}\'istica: uma introdu\c{c}\~ao}, 
	publisher = {Zahar},
	address   = {Rio de Janeiro},
	year      = {1981}
}

@book{chomsky65,
	author    = {Noam Chomsky},
	title     = {Aspects of the Theory of Syntax},
	publisher = {MIT Press},
	address   = {Cambridge, MA},
	year      = {1965}
}

@book{chomsky57,
	author    = {Noam Chomsky},
	title     = {Syntatic Structures},
	publisher = {MIT Press},
	address   = {Cambridge, MA},
	year      = {1957}
}

@book{saussure16,
	author    = {Ferdinand de Saussure},
	title     = {Cours de Linguistique G\'en\'erale},
	note      = {\'Edition critique pr\'epar\'ee par {T}ullio de {M}auro},
	publisher = {Payot},
	address   = {Paris},
	year      = {1916}
}

@article{buyya1,
	author    = {Rajkumar Buyya and Chee Shin Yeo and Srikumar Venugopal and James Broberg and Ivona Brandic},
	title     = {Cloud Computing and Emerging IT Platforms: Vision, Hype, and Reality for Delivering Computing as the 5th Utility},
	publisher = {IEEE}
}

@article{buyya2,
	author    = {Rajkumar Buyya and Rajiv Ranjan and Rodrigo N. Calheiros},
	title     = {InterCloud: Utility-Oriented Federation of Cloud Computing Environments for Scaling of Application Services},
	year      = {2010},
	publisher = {IEEE}
}

@article{bessani1,
	author    = {Alysson Bessani and Ricardo Mendes and Tiago Oliveira and Nuno Neves and Miguel Correia and Marcelo Pasin and Paulo Verissimo},
	title     = {SCFS: A Shared Cloud-backed File System},
	year      = {2013}
}

@article{bessani2,
	author    = {Alysson Bessani and Ricardo Mendes and Tiago Oliveira and Marcelo Pasin},
	title     = {C2FS: Um Sistema de Ficheiros Seguro e Fiável para Cloud-of-Clouds},
	year      = {2008}
}

@article{drasko1,
	author    = {Drasko Tomié and Osman Muftié and Berislav Biocié},
	title     = {A Novel Scheduling Approach of E-learning Content on Cloud Computing Infrastructure},
	year      = {2011},
	journal   = {MIPRO},
	publisher = {IEEE}
}

@article{celesti1,
	author    = {Antonio Celesti and Francesco Tusa and Massimo Villari and Antonio Puliafito},
	title     = {How to Enhance Cloud Architectures to Enable Cross-Federation.},
	year      = {2010},
	journal   = {3th IEEE International Conference on Cloud Computing},
	publisher = {IEEE}
}

@article{bessani3,
	author    = {Alysson Bessani, João Sousa, Eduardo E. P. Alchieri},
	title     = {State Machine Replication for the Masses with BFT-SMaRt}
}

@misc{wikiRAIDlevels,
	title = {Wikipedia: Standard RAID levels},
	url = {https://en.wikipedia.org/wiki/Standard_RAID_levels},
	note = "acessado em 03/07/2015"
}

@book{Arpaci01,
	title={Operating Systems: Three Easy Pieces},
	author={Arpaci-Dusseau, Remzi H.; Arpaci-Dusseau, Andrea C..},
	year={2014},
	publisher={Arpaci-Dusseau Booksl}
}

@article{Katz01,
	author    = {Randy H. Katz},
	title     = { RAID: A Personal Recollection of How Storage Became a System},
	year      = {2010},
	journal   = {IEEE Annals of the History of Computing},
	volume    = {32},
	number    = {4},
	issn      = {1058-6180},
	pages     = {82--86},
	publisher = {IEEE}
}

